1793 3232
172 315 239 353 vel
267 315 398 375 taedio
428 311 716 366 accipiendum.

285 405 441 445 Deinde
470 405 601 445 elucet
630 403 788 443 ridendi
816 403 883 443 vel
920 404 1054 455 potius
1094 388 1303 452 deridendi
1337 421 1366 451 s
1514 431 1519 447 ε
1558 431 1560 435 ·

173 483 294 512 versu
323 473 439 512 Pacis
472 469 591 512 1066.
621 467 822 520 αἰβοῖβοῖ.
881 469 992 511 ΙΕΡ.
1023 467 1068 509 τί
1095 464 1251 528 γελᾷς
1290 476 1360 539 ubi
1390 505 1420 537 h
1622 465 1634 476 ⁹

175 614 269 647 σαν.
330 607 562 656 Γελῶντος
591 600 674 660 γάρ
703 602 798 646 ἐστι
826 604 963 646 τοῦτο
993 603 1174 660 μίμημα.

287 700 452 739 Praeter
480 699 553 738 has
584 698 683 738 duas
713 698 895 737 notiones
923 697 1035 737 vocis
1066 693 1188 745 αἰβοῖ
1212 700 1332 740 tertia
1372 685 1425 755 de

173 767 324 806 tuenda
353 770 430 819 est,
472 779 523 807 ex
553 780 634 818 qua
662 766 851 817 gaudium
882 778 971 806 cum
1001 769 1165 817 stupore
1195 763 1499 822 significan

172 834 291 874 talem
321 835 453 874 locum
483 833 523 874 in
553 834 703 874 Avibus
732 847 770 873 v.
794 832 896 871 1341
932 829 1061 882 αἰβοῖ.
1123 823 1208 873 ούκ
1247 824 1369 876 ἔστιν
1389 826 1554 887 om

174 897 392 940 πέτεσθαι
423 895 711 954 γλυκύτερον.
770 902 976 941 Parricida
1004 902 1079 941 hoc
1110 902 1198 942 loeo
1228 903 1280 942 ad
1309 916 1405 970 aves
1430 911 1488 959 vg

173 1038 377 1089 exprimit,
426 1051 544 1089 quam
586 1038 803 1078 iucundum
844 1039 894 1076 sit
935 1039 1073 1078 volare
1115 1041 1154 1078 et
1194 1040 1326 1080 avium
1366 1028 1492 1091 morib

173 1105 288 1144 Hanc
330 1105 441 1146 vocis
480 1101 602 1154 αἰβοῖ
639 1104 966 1157 significationem
1004 1106 1129 1146 schol.
1159 1107 1216 1147 ita
1250 1106 1496 1151 circumseri·

118 1193 125 1202 ·
170 1165 315 1224 μόνον
344 1169 417 1212 ἐπὶ
447 1172 742 1225 σχετλιασμοῦ
770 1167 822 1212 τὸ
854 1169 974 1221 αἰβοῖ
1002 1163 1112 1212 ἀλλὰ
1150 1171 1226 1213 καὶ
1266 1170 1338 1214 ἐπὶ
1377 1173 1453 1229 τῆς
1485 1168 1489 1178 ¹
1560 1157 1584 1172 ’ί

173 1232 235 1287 ὡς
265 1237 339 1279 καὶ
369 1239 464 1280 νῦν.
524 1242 617 1281 Sine
647 1241 767 1282 dubio
797 1243 978 1307 spectant
1007 1241 1058 1280 ad
1088 1242 1194 1281 hunc
1224 1234 1560 1296 Aristophanis]

173 1310 299 1348 verba
328 1310 485 1350 Suidae.

175 1373 251 1415 καὶ
282 1372 355 1415 ἐπὶ
385 1375 461 1430 τῆς
491 1369 651 1431 ἡδονῆς
690 1371 811 1430 παρὰ
827 1367 1129 1430 Αριστοφάνει
1169 1373 1219 1417 ἐν
1239 1369 1441 1431 Ὄρνισιν
1497 1371 1557 1438 ἔξω

177 1446 255 1485 loci
287 1447 355 1496 qui
384 1446 488 1485 hanc
518 1446 847 1497 significationem
878 1446 1072 1497 praebent
1101 1450 1194 1486 sunt
1222 1447 1306 1486 Pax
1327 1444 1408 1484 544
1439 1438 1560 1499 alfio!
1623 1493 1630 1503 .

176 1511 265 1560 λας.
336 1509 527 1553 ἐκεινονὶ
570 1512 681 1566 γοῦν
721 1507 803 1552 τὸν
856 1507 1111 1564 λοφοποιὸν
1164 1504 1257 1565 οὐχ’
1301 1505 1406 1568 ὁρᾷς
1452 1509 1548 1588 τίλ,
1639 1513 1650 1528 “

175 1573 363 1628 ἓαυτόν;
403 1574 428 1620 ὁ
460 1578 509 1620 δέ
538 1594 588 1633 γε
617 1575 696 1639 τὰς
726 1575 909 1633 σμινύας
950 1580 1097 1620 ποιῶν
1137 1577 1415 1632 κατέπαρδεν
1450 1569 1560 1633 αρτὶ

176 1638 425 1701 ξιφουργοῦ
463 1639 657 1688 ’κεινουί.
738 1650 870 1700 Fingit
912 1650 976 1688 hic
1018 1649 1198 1690 Comicus
1247 1649 1347 1689 duos
1387 1648 1552 1698 histrien

177 1728 323 1756 scaena
361 1718 401 1756 in
440 1718 638 1757 theatrum
678 1717 980 1769 prospieientes,
1019 1718 1058 1756 in
1090 1730 1168 1768 quo
1198 1717 1257 1769 id,
1295 1715 1402 1768 quod
1437 1715 1498 1759 his
1525 1726 1554 1753 v

178 1783 428 1836 describitur,
457 1784 520 1836 fit;
550 1785 762 1836 histriones
786 1785 861 1825 hoc
892 1798 971 1826 non
1001 1786 1086 1826 sine
1116 1784 1262 1837 gaudio
1293 1778 1428 1835 aliquo
1455 1781 1548 1832 vide

294 1876 434 1925 Restat
462 1876 574 1915 locus
604 1876 643 1915 in
665 1876 817 1915 Avibus
846 1888 882 1915 V.
904 1874 984 1914 610
1015 1871 1137 1926 αἰβοῖ
1164 1867 1225 1922 ὡς
1254 1868 1308 1928 δὴ
1337 1870 1492 1925 πολλῷ
1514 1877 1575 1926 xc

178 1955 283 1990 τους
313 1931 441 1983 οὗτοι
479 1935 562 1983 τοῦ
592 1937 694 1991 Διὸς
731 1935 858 1997 ἡμῶν
894 1937 1151 1994 βασιλεύειν.
1222 1941 1453 1983 Dindorfius
1491 1931 1553 2002 ins

179 2010 307 2050 Oxou.
336 2012 385 2050 ad
417 2012 522 2051 hunc
561 2012 689 2050 locum
719 2012 899 2051 adnotat:
939 2004 1023 2064 »ὡς
1054 2013 1160 2052 delet
1188 2012 1441 2062 Hermannus
1466 2008 1530 2084 ³¹¹2
1624 2048 1651 2064 μ
1675 2052 1685 2064 ὗ

178 2079 281 2118 doct.
318 2093 367 2118 ιιι.
398 2092 435 2129 p.
466 2078 560 2131 405,
601 2080 748 2119 rectius
788 2093 905 2131 quam
934 2081 975 2121 in
1003 2080 1209 2119 Addendis
1250 2077 1317 2118 ubi
1353 2060 1474 2126 αἰβοῖ
1499 2065 1563 2121 ὦς

179 2148 309 2186 erasin
343 2147 529 2197 coniungi
561 2148 666 2186 vult:
705 2147 813 2197 quod
841 2160 921 2187 non
951 2148 1109 2187 videtur
1148 2147 1234 2187 fieri
1273 2139 1426 2197 posse‘.
1404 2127 1551 2217 ι”Ῑᾱζι

179 2215 353 2255 editione
384 2215 526 2254 Avium
558 2227 592 2253 a.
619 2211 725 2252 1822
755 2210 900 2265 ,,αἰβοῑ
927 2218 1041 2255 extra
1070 2227 1229 2255 versum
1259 2213 1375 2264 posui
1404 2213 1454 2253 et
1472 2198 1559 2262 δή

179 2282 231 2321 di.
289 2282 516 2321 Brunckius
535 2278 666 2329 βαβαὶ
698 2273 759 2328 ὡς
777 2280 933 2334 πολλῷ
960 2279 1187 2335 κρείττους
1208 2280 1375 2330 scripsit.
1434 2272 1560 2338 αἰβοῖ

178 2351 255 2389 nisi
285 2350 536 2400 repudiantis
565 2352 604 2388 et
635 2349 895 2389 abominantis
927 2362 1015 2390 esse
1045 2350 1217 2400 ideoque
1258 2348 1322 2397 hio
1357 2357 1408 2386 ne
1447 2340 1557 2390 conv,

179 2418 340 2469 quidem
369 2418 481 2457 addit
510 2417 611 2457 idem
641 2418 758 2457 solita
795 2413 991 2458 levitate‘⁴.
1050 2418 1180 2458 Causa
1220 2429 1301 2456 non
1342 2415 1403 2454 est
1442 2422 1514 2473 eur
1550 2428 1559 2443 ,

180 2692 287 2731 orbis
322 2694 517 2731 terrarum
567 2690 717 2741 deberi,
772 2691 880 2741 quod
917 2691 1065 2731 dudum
1119 2691 1175 2730 dii
1218 2687 1364 2729 iniuria
1407 2672 1611 2752 οἰκίαις.

179 2762 286 2804 Aves
327 2760 402 2800 hac
430 2771 535 2803 nova
572 2758 753 2801 doctrina
787 2759 1086 2814 obstupefactae
1135 2753 1257 2806 αἰβοῖ
1283 2754 1476 2823 inquunt3
1564 2752 1584 2758 “’
