1793 3232
186 877 416 932 ³³³²‘Dbiter
449 889 718 930 tantummodo
766 892 935 928 tractata
978 901 1071 939 pars
1119 889 1309 928 sermonis
1351 887 1628 939 Aristophanei

235 944 298 1009 ¹ta
327 961 406 1011 est,
435 970 538 1009 quae
568 957 725 1008 quidem
755 963 799 996 ut
828 957 918 996 mihi
949 957 1122 1008 videtur,
1161 968 1256 1006 prae
1287 957 1371 995 adis
1400 956 1543 994 idonea
1572 959 1631 994 est

211 1014 528 1079 >“depingendum
556 1028 603 1064 ‘et
632 1025 911 1063 illustrandum
947 1024 1048 1063 illud
1092 1036 1217 1075 genus
1257 1027 1423 1074 vulgare
1464 1022 1633 1073 dicendi,

181 1086 284 1135 fiale
301 1096 361 1132 est
388 1093 429 1132 in
457 1095 524 1132 via
552 1096 591 1132 et
620 1093 719 1144 foro,
749 1079 827 1143 quo
848 1092 1133 1142 Aristophanes
1164 1097 1207 1130 ut
1236 1092 1318 1130 null
1324 1104 1368 1130 us
1390 1092 1490 1129 alius
1502 1102 1632 1143 grae-

70 1181 129 1217 „M
182 1166 237 1230 118
264 1163 384 1212 poeta
413 1160 705 1200 diversissimae
747 1161 852 1199 vitae
905 1160 1124 1198 cotidianae
1160 1159 1404 1198 condicionis
1444 1140 1634 1209 homines,

65 1212 121 1240 '⁹'
194 1236 283 1278 ores
312 1227 546 1280 Atticorum,
595 1228 720 1266 multa
760 1228 836 1266 alia
865 1239 966 1277 quae
998 1227 1158 1278 cognitu
1188 1227 1310 1278 digna
1338 1234 1447 1277 suut,
1489 1226 1632 1265 descri-

123 1288 245 1347 ff-z-psitss
301 1296 374 1335 Est
408 1298 540 1336 autem
577 1296 652 1334 hoc
682 1295 890 1334 multitudo
920 1295 1235 1334 interiectionum
1274 1295 1632 1345 epiphonematum-

65 1352 250 1419 fue,
278 1362 642 1414 quibushomines
684 1363 875 1413 cuiusque
905 1363 1007 1401 vitae
1038 1362 1281 1402 condicionis
1321 1362 1439 1401 animi
1467 1362 1634 1401 affectus

100 1420 111 1430 ὅ
179 1429 395 1482 xprimunt,
424 1432 643 1481 stuporem,
683 1431 792 1481 iram,
831 1429 1055 1480 libidinem,
1093 1430 1411 1480 admirationem,
1439 1429 1637 1479 gaudium,

177 1488 325 1547 olorem
338 1488 355 1549 ,²
387 1497 692 1536 innumerabilia
721 1509 849 1547 paene
878 1497 967 1538 alia.
1026 1496 1136 1545 Quae
1178 1509 1267 1536 cum
1295 1497 1352 1535 ita
1380 1496 1460 1536 sint
1487 1508 1630 1548 propo·

126 1563 270 1608 [situm
310 1565 404 1604 mihi
441 1578 547 1604 nunc
587 1567 647 1603 est
682 1556 744 1603 de¹
770 1564 1108 1620 interiectionibus
1146 1564 1393 1615 vocibusque
1442 1564 1635 1603 similibus

127 1622 255 1688 ‚fs-{quae
284 1632 392 1684 apud
420 1632 729 1684 Aristophanem
757 1633 946 1684 leguntur
974 1632 1136 1671 uberius
1167 1631 1382 1683 disserere,
1412 1644 1492 1683 qua
1521 1631 1562 1671 in
1590 1643 1634 1670 re

127 1688 220 1751 ss-sita
236 1695 447 1751 versabor,
485 1703 530 1739 ut
569 1701 735 1750 singulis
777 1700 1113 1739 interiectionibus
1153 1712 1368 1749 earumque
1406 1701 1447 1738 vi
1488 1703 1532 1739 et
1560 1711 1635 1738 usu

122 1754 270 1820 &apud
288 1767 596 1825 Aristophanem
635 1770 876 1817 pertractato
905 1767 1160 1818 investigem,
1202 1779 1305 1817 quae
1348 1767 1427 1805 sint
1467 1779 1636 1807 commu-

191 1880 194 1883 *
245 1835 440 1875 sermonis
465 1835 699 1886 Atticorum,
730 1847 831 1884 quae
859 1835 909 1873 ab
938 1824 1025 1885 ip'so
1055 1837 1175 1884 poeta
1203 1833 1306 1873 ficta.
1362 1835 1523 1886 Fontes,
1552 1834 1637 1884 qui-

151 1898 240 1948 hus
256 1891 331 1942 hac
362 1903 402 1942 in
431 1906 476 1941 re·
506 1902 563 1942 uti
593 1903 697 1953 licet,
726 1902 915 1953 perpauci
945 1904 1046 1941 sunt.
1106 1902 1212 1941 Aute
1234 1902 1366 1941 omnia
1395 1902 1635 1942 nominanda

181 1961 255 2017 unt
287 1970 453 2010 *scholia*
481 1970 522 2008 in
557 1969 885 2021 Aristophanem
930 1969 1073 2008 deinde
1112 1970 1474 2009 animadversiones
1504 1980 1639 2021 ‘gram-

153 2027 392 2091 praticorum¹
412 2040 614 2089 veterum,
653 2038 833 2088 inprimis
862 2037 1048 2089 Apolonii
1076 2037 1254 2089 Dyscoli,
1282 2037 1500 2078 Herodiani
1528 2037 1636 2078 tech-

199 2099 276 2160 ci,
297 2112 411 2156 quae
428 2117 544 2157 vero,
586 2117 675 2144 cum
703 2105 861 2145 illorum
880 2106 1054 2145 virorum
1087 2117 1210 2156 opera
1239 2105 1446 2144 maximam
1475 2109 1627 2156 partem

125 2166 371 2232 deperdlta
389 2173 487 2225 sint,
526 2173 600 2212 hac
630 2176 752 2224 atque
780 2173 871 2213 illac
900 2173 1103 2223 dispersae
1133 2173 1411 2213 diversissimis
1442 2174 1540 2213 locis
1576 2173 1630 2212 le-

61 2245 78 2282 ’,
99 2234 316 2298 ’χή-111111,
344 2224 534 2292 imprimis
563 2241 671 2291 apud
691 2241 852 2280 Suidam
882 2244 922 2281 et
951 2242 991 2280 in
1011 2242 1310 2294 Etymologicis,
1339 2254 1440 2293 quae
1469 2241 1627 2291 quidem

86 2293 104 2307 ἐξ
156 2309 288 2355 omma
320 2310 402 2350 suis
443 2309 540 2349 loeis
570 2309 791 2349 nominabo.
849 2308 1081 2360 Saepissime
1113 2312 1267 2362 autem,
1309 2310 1496 2360 quoniam
1525 2313 1633 2349 vete-

247 2380 290 2430 81
317 2377 559 2418 recentiores
596 2378 798 2433 tacebant,
840 2378 990 2428 quippe
1030 2377 1098 2428 qui
1137 2379 1178 2417 in
1217 2378 1289 2417 has
1319 2379 1502 2430 voculas,
1543 2390 1634 2417 eum

256 2452 304 2497 118
332 2445 517 2492 momenti
545 2447 710 2495 propter
737 2436 941 2484 mi'nutiem
962 2445 1192 2485 viderentur
1221 2457 1321 2497 esse,
1349 2446 1520 2484 animum
1551 2456 1632 2485 non

251 2503 435 2565 riarum,
464 2524 512 2552 ex
542 2513 638 2563 ipsis
667 2513 945 2563 Aristophanis
974 2513 1106 2553 verbis
1135 2515 1175 2552 et
1194 2514 1440 2564 singulorum
1459 2513 1638 2562 locorum

250 2569 273 2626 J
303 2569 559 2639 ‘significatio
607 2580 922 2619 interiectionum
962 2581 1204 2620 enucleanda
1254 2583 1350 2620 erat.
1435 2581 1639 2621 Interdum

173 2673 180 2679 -
242 2659 296 2697 m}
309 2647 367 2703 fit,
394 2651 438 2688 ut
467 2648 561 2688 nihil
601 2649 698 2688 certi
729 2648 946 2688 diiudicare
976 2649 1183 2700 possimus,
1211 2649 1250 2688 id
1280 2648 1388 2700 quod
1418 2661 1467 2688 ex
1495 2641 1641 2690 n'atura

160 2701 185 2721 “
247 2709 460 2767 ly'generis
488 2716 698 2755 verborum
741 2719 810 2755 est.
867 2716 971 2755 Nam
999 2716 1313 2768 interiectiones,
1353 2717 1489 2768 aliquo
1519 2718 1641 2757 animi

252 2771 307 2824 tu:
332 2779 504 2825 emissae
526 2784 632 2824 hunc
652 2783 771 2824 animi
791 2784 974 2824 affectum
994 2785 1239 2836 exprimunt3
1268 2786 1480 2837 paullatim
1510 2789 1639 2827 autem

318 2864 321 2867 ⁴
1353 2863 1367 2894 1
